%% This BibTeX bibliography file was created using BibDesk.
%% http://bibdesk.sourceforge.net/


%% Created for Gamblin, Todd at 2015-07-31 04:40:46 -0700 


%% Saved with string encoding Unicode (UTF-8) 


@string{macro1 = {definition}}


@inproceedings{rose,
	Address = {Aussois, France},
	Author = {Dan Quinlan},
	Booktitle = {Proceedings of Conference on Parallel Compilers (CPC2000)},
	Date-Added = {2015-07-29 06:46:43 +0000},
	Date-Modified = {2015-07-29 06:47:41 +0000},
	Month = {January},
	Title = {{ROSE: Compiler Support for Object-Oriented Frameworks}},
	Year = {2000}}

@misc{rocks,
	Author = {{The ROCKS Group}},
	Date-Added = {2015-07-20 01:06:11 +0000},
	Date-Modified = {2015-07-20 01:07:44 +0000},
	Howpublished = {http://www.rocksclusters.org},
	Title = {{ROCKS:Open Source Toolkit for Real and Virtual Clusters}}}

@article{ares2,
	Author = {Morgan, B.E. and Greenough, J.A.},
	Date-Added = {2015-07-19 19:20:19 +0000},
	Date-Modified = {2015-07-19 19:20:19 +0000},
	Journal = {Springer-Verlag Berlin Heidelberg},
	Title = {{Large-Eddy and Unsteady RANS Simulations of a Shock-Accelerated Heavy Gas Cylinder}},
	Year = {2015}}

@article{ares1,
	Author = {Darlington, R. and McAbee, T. and Rodrigue, G.},
	Date-Added = {2015-07-19 19:20:19 +0000},
	Date-Modified = {2015-07-19 19:20:19 +0000},
	Journal = {Computer Physics Communications},
	Pages = {58-73},
	Title = {{A Study of ALE Simulations of Rayleigh-Taylor Instability}},
	Volume = {135},
	Year = {2001}}

@misc{boost,
	Date-Added = {2015-07-18 22:01:40 +0000},
	Date-Modified = {2015-07-18 22:02:06 +0000},
	Howpublished = {http://www.boost.org},
	Title = {{Boost C++ Libraries}},
	Year = {2012}}

@misc{anaconda,
	Author = {{Continuum Analytics}},
	Date-Added = {2015-04-18 06:37:00 +0000},
	Date-Modified = {2015-04-18 06:37:53 +0000},
	Howpublished = {https://store.continuum.io/cshop/anaconda/},
	Title = {Anaconda: Completely free enterprise-ready Python distribution for large-scale data processing, predictive analytics, and scientific computing}}

@misc{conda,
	Author = {{Continuum Analytics}},
	Date-Added = {2015-04-18 06:34:37 +0000},
	Date-Modified = {2015-07-20 21:53:18 +0000},
	Howpublished = {http://conda.pydata.org},
	Title = {{Conda: A cross-platform, Python-agnostic binary package manager}}}

@misc{epperly+:mixdown,
	Author = {Tom Epperly and Chris White},
	Date-Added = {2015-04-16 17:29:23 +0000},
	Date-Modified = {2015-07-31 11:37:08 +0000},
	Howpublished = {https://github.com/tepperly/MixDown},
	Title = {{MixDown: Meta-build tool for managing collections of third-party libraries}}}

@article{felter2014updated,
	Author = {Felter, Wes and Ferreira, Alexandre and Rajamony, Ram and Rubio, Juan},
	Date-Added = {2015-04-12 19:48:53 +0000},
	Date-Modified = {2015-07-20 22:02:08 +0000},
	Journal = {technology},
	Pages = {32},
	Title = {{An Updated Performance Comparison of Virtual Machines and Linux Containers}},
	Volume = {28},
	Year = {2014}}

@article{merkel2014docker,
	Author = {Merkel, Dirk},
	Date-Added = {2015-04-12 19:48:45 +0000},
	Date-Modified = {2015-07-20 22:01:30 +0000},
	Journal = {Linux Journal},
	Number = {239},
	Pages = {2},
	Publisher = {Belltown Media},
	Title = {{Docker: Lightweight Linux Containers for Consistent Development and Deployment}},
	Volume = {2014},
	Year = {2014}}

@inproceedings{rosenblum1999vmware,
	Author = {Rosenblum, Mendel},
	Booktitle = {Proceedings of hot chips},
	Date-Added = {2015-04-12 19:47:42 +0000},
	Date-Modified = {2015-07-20 22:01:49 +0000},
	Pages = {185--196},
	Title = {{VMware's Virtual Platform}},
	Volume = {1999},
	Year = {1999}}

@article{smith2005architecture,
	Author = {Smith, James E and Nair, Ravi},
	Date-Added = {2015-04-12 19:46:53 +0000},
	Date-Modified = {2015-07-20 22:02:19 +0000},
	Journal = {Computer},
	Number = {5},
	Pages = {32--38},
	Publisher = {IEEE},
	Title = {{The Architecture of Virtual Machines}},
	Volume = {38},
	Year = {2005}}

@article{barham2003xen,
	Author = {Barham, Paul and Dragovic, Boris and Fraser, Keir and Hand, Steven and Harris, Tim and Ho, Alex and Neugebauer, Rolf and Pratt, Ian and Warfield, Andrew},
	Date-Added = {2015-04-12 19:44:14 +0000},
	Date-Modified = {2015-04-12 19:44:14 +0000},
	Journal = {ACM SIGOPS Operating Systems Review},
	Number = {5},
	Pages = {164--177},
	Publisher = {ACM},
	Title = {Xen and the art of virtualization},
	Volume = {37},
	Year = {2003}}

@misc{chaos,
	Author = {{Lawrence Livermore National Laboratory}},
	Date-Added = {2015-04-12 19:12:29 +0000},
	Date-Modified = {2015-04-12 23:12:19 +0000},
	Howpublished = {https://computing.llnl.gov/linux/},
	Title = {{Linux at Livermore}}}

@misc{groffen:gentoo-prefix,
	Author = {Fabian Groffen},
	Date-Added = {2015-04-12 19:04:41 +0000},
	Date-Modified = {2015-07-20 21:55:34 +0000},
	Howpublished = {wiki.gentoo.org/wiki/Project:Prefix},
	Title = {{Gentoo Prefix}}}

@misc{yum,
	Author = {The Fedora Project},
	Date-Added = {2015-04-12 18:59:11 +0000},
	Date-Modified = {2015-04-12 23:10:29 +0000},
	Howpublished = {http://yum.baseurl.org},
	Title = {{Yellowdog Updater, Modified (YUM)}}}

@techreport{silva:apt01,
	Author = {Silva, Gustavo Noronha},
	Date-Added = {2015-04-12 18:53:02 +0000},
	Date-Modified = {2015-04-12 18:53:58 +0000},
	Institution = {Debian},
	Note = {http://www. debian. org/doc/manuals/apt-howto},
	Title = {{APT Howto}},
	Year = {2001}}

@misc{cpan,
	Author = {Jarkko Hietaniemi},
	Date-Added = {2015-04-12 18:46:50 +0000},
	Date-Modified = {2015-04-12 18:48:55 +0000},
	Howpublished = {http://www.cpan.org},
	Title = {{Comprehensive Perl Archive Network}}}

@misc{cran,
	Author = {Institute for Statistics and Mathematics, Vienna University of Economics and Business},
	Date-Added = {2015-04-12 18:44:44 +0000},
	Date-Modified = {2015-04-12 18:46:42 +0000},
	Howpublished = {http://cran.r-project.org},
	Title = {{The Comprehensive R Archive Network}}}

@misc{ashton:perl-history,
	Author = {Elaine Ashton},
	Date-Added = {2015-04-12 18:42:57 +0000},
	Date-Modified = {2015-04-12 18:43:39 +0000},
	Howpublished = {http://history.perl.org/PerlTimeline.html},
	Title = {The Timeline of Perl and its Culture}}

@misc{npm,
	Author = {Isaac Z. Schlueter},
	Date-Added = {2015-04-12 05:58:27 +0000},
	Date-Modified = {2015-04-12 08:56:51 +0000},
	Howpublished = {http://www.npmjs.com},
	Title = {{npm: the Node Package Manager}}}

@misc{rubygems,
	Author = {The RubyGems Project},
	Date-Added = {2015-04-12 05:56:04 +0000},
	Date-Modified = {2015-04-12 08:56:54 +0000},
	Howpublished = {http://rubygems.org},
	Title = {RubyGems}}

@misc{eby:setuptools,
	Author = {P. J. Eby},
	Date-Added = {2015-04-12 05:53:15 +0000},
	Date-Modified = {2015-07-20 21:54:43 +0000},
	Howpublished = {http://pypi.python.org/pypi/setuptools},
	Title = {Setuptools}}

@misc{bsdports,
	Author = {{The FreeBSD Project}},
	Date-Added = {2015-04-12 05:51:50 +0000},
	Date-Modified = {2015-04-12 09:06:34 +0000},
	Howpublished = {http://www.freebsd.org/ports/},
	Title = {{About FreeBSD Ports}}}

@misc{homebrew,
	Author = {M. Howell},
	Date-Added = {2015-04-12 05:40:34 +0000},
	Date-Modified = {2015-07-20 21:56:47 +0000},
	Howpublished = {http://brew.sh},
	Title = {{Homebrew, the missing package manager for OS~X}}}

@misc{macports,
	Author = {{The MacPorts Project}},
	Date-Added = {2015-04-12 05:37:19 +0000},
	Date-Modified = {2015-04-12 09:05:27 +0000},
	Howpublished = {http://www.macports.org},
	Title = {{The MacPorts Project Official Homepage}}}

@article{thiruvathukal:gentoo04,
	Author = {Thiruvathukal, George K},
	Date-Added = {2015-04-12 05:35:49 +0000},
	Date-Modified = {2015-07-20 22:03:03 +0000},
	Journal = {Computing in Science and Engineering},
	Number = {5},
	Pages = {66--74},
	Title = {{Gentoo Linux: the Next Generation of Linux}},
	Volume = {6},
	Year = {2004}}

@article{foster+:rpm03,
	Author = {Foster-Johnson, Eric},
	Date-Added = {2015-04-12 05:28:03 +0000},
	Date-Modified = {2015-04-12 23:10:59 +0000},
	Publisher = {$\{$Red Hat$\}$},
	Title = {{Red Hat RPM Guide}},
	Year = {2003}}

@misc{top500,
	Author = {Meuer, Hans and Strohmaier, Erich and Dongarra, Jack and Horst, Simon},
	Date-Added = {2015-04-12 02:05:36 +0000},
	Date-Modified = {2015-04-12 02:06:09 +0000},
	Howpublished = {http://www.top500.org},
	Title = {{Top 500 Supercomputer Sites}},
	Bdsk-Url-1 = {http://www.top500.org}}

@misc{graph500,
	Author = {David Bader and Peter Kogge and Andrew Lumsdaine and Richard Murphy},
	Date-Added = {2015-04-12 02:04:10 +0000},
	Date-Modified = {2015-04-12 08:57:02 +0000},
	Howpublished = {http://www.graph500.org},
	Title = {{The Graph 500 List}}}

@article{wilson+:corr,
	Author = {Greg Wilson and D. A. Aruliah and C. Titus Brown and Neil P. Chue Hong and Matt Davis and Richard T. Guy and Steven H. D. Haddock and Katy Huff and Ian Mitchell and Mark D. Plumbley and Ben Waugh and Ethan P. White and Paul Wilson},
	Bibsource = {dblp computer science bibliography, http://dblp.org},
	Biburl = {http://dblp.uni-trier.de/rec/bib/journals/corr/abs-1210-0530},
	Date-Added = {2015-04-12 01:57:15 +0000},
	Date-Modified = {2015-07-31 11:40:44 +0000},
	Journal = {CoRR},
	Timestamp = {Tue, 20 May 2014 09:03:44 +0200},
	Title = {{Best Practices for Scientific Computing}},
	Url = {http://arxiv.org/abs/1210.0530},
	Volume = {abs/1210.0530},
	Year = {2012},
	Bdsk-Url-1 = {http://arxiv.org/abs/1210.0530}}

@article{dubois+:comp-sci-eng,
	Acmid = {942640},
	Address = {Piscataway, NJ, USA},
	Author = {Dubois, Paul F. and Epperly, Thomas and Kumfert, Gary},
	Date-Added = {2015-04-12 01:54:32 +0000},
	Date-Modified = {2015-04-12 01:55:26 +0000},
	Doi = {10.1109/MCISE.2003.1225867},
	Issn = {1521-9615},
	Issue_Date = {September 2003},
	Journal = {Computing in Science and Engineering},
	Month = sep,
	Number = {5},
	Numpages = {6},
	Pages = {83--88},
	Publisher = {IEEE Educational Activities Department},
	Title = {Why Johnny Can't Build},
	Url = {http://dx.doi.org/10.1109/MCISE.2003.1225867},
	Volume = {5},
	Year = {2003},
	Bdsk-Url-1 = {http://dx.doi.org/10.1109/MCISE.2003.1225867}}

@misc{mclay:lmod-tutorial,
	Author = {Robert McLay},
	Date-Added = {2015-04-11 19:09:53 +0000},
	Date-Modified = {2015-07-20 22:00:37 +0000},
	Howpublished = {{Presented at University of Ghent.} http://hpcugent.github.io/easybuild/files/sllides_mclay_20140617_Lmod.pdf},
	Rating = {2},
	Title = {{Lmod Tutorial}},
	Year = {2014}}

@misc{mclay:lmod,
	Author = {Robert McLay},
	Date-Added = {2015-04-11 19:08:41 +0000},
	Date-Modified = {2015-07-20 21:58:55 +0000},
	Howpublished = {https://www.tacc.utexas.edu/research-development/tacc-projects/lmod},
	Title = {{Lmod: Environmental Modules System}}}

@inproceedings{dolstra+:icfp08,
	Acmid = {1411255},
	Address = {New York, NY, USA},
	Author = {Dolstra, Eelco and L\"{o}h, Andres},
	Booktitle = {Proceedings of the 13th ACM SIGPLAN International Conference on Functional Programming},
	Date-Added = {2015-04-10 08:00:30 +0000},
	Date-Modified = {2015-07-31 11:36:51 +0000},
	Doi = {10.1145/1411204.1411255},
	Isbn = {978-1-59593-919-7},
	Keywords = {NixOS, nix, package management, purely functional deployment model, purely functional language, software deployment, system configuration management},
	Location = {Victoria, BC, Canada},
	Numpages = {12},
	Pages = {367--378},
	Publisher = {ACM},
	Series = {ICFP '08},
	Title = {{NixOS: A Purely Functional Linux Distribution}},
	Url = {http://doi.acm.org/10.1145/1411204.1411255},
	Year = {2008},
	Bdsk-Url-1 = {http://doi.acm.org/10.1145/1411204.1411255},
	Bdsk-Url-2 = {http://dx.doi.org/10.1145/1411204.1411255}}

@inproceedings{dolstra+:lisa04,
	Acmid = {1052686},
	Address = {Berkeley, CA, USA},
	Author = {Dolstra, Eelco and de Jonge, Merijn and Visser, Eelco},
	Booktitle = {Proceedings of the 18th Large Installation System Administration Conference (LISA XVIII)},
	Date-Added = {2015-04-10 07:58:33 +0000},
	Date-Modified = {2015-07-31 11:36:57 +0000},
	Location = {Atlanta, GA},
	Numpages = {14},
	Pages = {79--92},
	Publisher = {USENIX Association},
	Series = {LISA '04},
	Title = {{Nix: A Safe and Policy-Free System for Software Deployment}},
	Url = {http://dl.acm.org/citation.cfm?id=1052676.1052686},
	Year = {2004},
	Bdsk-Url-1 = {http://dl.acm.org/citation.cfm?id=1052676.1052686}}

@misc{dotkit,
	Author = {Lee Busby and Adam Moody},
	Date-Added = {2015-04-10 07:56:13 +0000},
	Date-Modified = {2015-07-20 21:51:17 +0000},
	Howpublished = {http://computing.llnl.gov/?set=jobs\&page=dotkit},
	Title = {{The Dotkit System}}}

@inproceedings{evard+:lisa94,
	Acmid = {1026692},
	Address = {Berkeley, CA, USA},
	Author = {Evard, Remy and Leslie, Robert},
	Booktitle = {Proceedings of the Eighth Large Installation System Administration Conference (LISA VIII)},
	Date-Added = {2015-04-10 07:54:58 +0000},
	Date-Modified = {2015-04-10 07:55:58 +0000},
	Location = {San Diego, California},
	Numpages = {10},
	Pages = {65--74},
	Publisher = {USENIX Association},
	Series = {LISA '94},
	Title = {Soft: A Software Environment Abstraction Mechanism},
	Url = {http://dl.acm.org/citation.cfm?id=1026675.1026692},
	Year = {1994},
	Bdsk-Url-1 = {http://dl.acm.org/citation.cfm?id=1026675.1026692}}

@inproceedings{furlani+:lisa91,
	Address = {Dallas, Texas},
	Author = {John L. Furlani},
	Booktitle = {Proceedings of the Fifth Large Installation System Administration Conference (LISA V)},
	Date-Added = {2015-04-10 07:50:37 +0000},
	Date-Modified = {2015-07-31 11:37:51 +0000},
	Month = {January 21-25},
	Pages = {141-152},
	Title = {{Modules: Providing a flexible user environment}},
	Year = {1991}}

@inproceedings{sun+:lisa01,
	Acmid = {1047548},
	Address = {Berkeley, CA, USA},
	Author = {Sun, Yizhan and Couch, Alva},
	Booktitle = {Proceedings of the Fifteenth Large Installation System Administration Conference (LISA XV)},
	Date-Added = {2015-04-10 07:48:00 +0000},
	Date-Modified = {2015-04-10 07:53:51 +0000},
	Location = {San Diego, California},
	Numpages = {6},
	Pages = {145--150},
	Publisher = {USENIX Association},
	Series = {LISA '01},
	Title = {Global Impact Analysis of Dynamic Library Dependencies},
	Url = {http://dl.acm.org/citation.cfm?id=1047531.1047548},
	Year = {2001},
	Bdsk-Url-1 = {http://dl.acm.org/citation.cfm?id=1047531.1047548}}

@inproceedings{furlani+:lisa96,
	Acmid = {1029858},
	Address = {Berkeley, CA, USA},
	Author = {Furlani, John L. and Osel, Peter W.},
	Booktitle = {Proceedings of the Tenth Large Installation System Administration Conference (LISA X)},
	Date-Added = {2015-04-10 07:47:30 +0000},
	Date-Modified = {2015-07-31 11:37:48 +0000},
	Location = {Chicago, IL},
	Numpages = {12},
	Pages = {193--204},
	Publisher = {USENIX Association},
	Series = {LISA '96},
	Title = {{Abstract Yourself With Modules}},
	Url = {http://dl.acm.org/citation.cfm?id=1029824.1029858},
	Year = {1996},
	Bdsk-Url-1 = {http://dl.acm.org/citation.cfm?id=1029824.1029858}}

@inproceedings{elling+:lisa92,
	Author = {Richard Elling and Matthew Long},
	Booktitle = {In Proceedings of the Sixth Systems Administration Conference (LISA '92},
	Date-Added = {2015-04-10 07:45:25 +0000},
	Date-Modified = {2015-04-10 07:45:43 +0000},
	Pages = {215--223},
	Title = {user-setup: A System for Custom Configuration of User Environments, or Helping Users Help Themselves},
	Year = {1992}}

@misc{amundson:contractor,
	Author = {James F. Amundson},
	Date-Added = {2015-04-10 07:41:30 +0000},
	Date-Modified = {2015-07-20 21:46:18 +0000},
	Howpublished = {http://home.fnal.gov/~amundson/contractor-www/},
	Title = {{Contractor: A Meta-build System for Building Heterogeneous Collections of Software Packages.}}}

@misc{hashdist,
	Date-Added = {2015-04-10 07:39:23 +0000},
	Date-Modified = {2015-04-12 09:00:14 +0000},
	Howpublished = {http://github.com/hashdist/hashdist},
	Title = {HashDist},
	Year = {2012}}

@misc{nagy:waf,
	Author = {Thomas Nagy},
	Date-Added = {2015-04-10 07:37:18 +0000},
	Date-Modified = {2015-07-31 11:35:40 +0000},
	Howpublished = {http://github.com/waf-project/waf},
	Title = {{WAF}}}

@techreport{epperly+:mixdown-report,
	Author = {Thomas G. W. Epperly and L. Hochstein},
	Date-Added = {2015-04-10 07:35:08 +0000},
	Date-Modified = {2015-04-16 17:29:17 +0000},
	Institution = {Lawrence Livermore National Laboratory},
	Month = {September 13},
	Note = {LLNL-TR-499074},
	Title = {{Software Construction and Composition Tools for Petascale Computing SCW0837 Progress Report}},
	Year = {2011}}

@inproceedings{jones+:cug08,
	Address = {Helsinki, Finland},
	Author = {Nick Jones and Mark R. Fahey},
	Booktitle = {Proceedings of the 50th Cray User Group (CUG08)},
	Date-Added = {2015-04-10 07:32:01 +0000},
	Date-Modified = {2015-04-10 07:33:43 +0000},
	Month = {May},
	Title = {Design, Implementation, and Experiences of Third-Party Software Administration at the ORNL NCCS},
	Year = {2008}}

@misc{digirolamo:smithy,
	Author = {Anthony DiGirolamo},
	Date-Added = {2015-04-10 07:29:19 +0000},
	Date-Modified = {2015-07-20 21:54:10 +0000},
	Howpublished = {http://github.com/AnthonyDiGirolamo/smithy},
	Title = {{The Smithy Software Installation Tool}},
	Year = {2012}}

@inproceedings{geimer+:hust14,
	Acmid = {2691141},
	Address = {Piscataway, NJ, USA},
	Author = {Geimer, Markus and Hoste, Kenneth and McLay, Robert},
	Booktitle = {Proceedings of the First International Workshop on HPC User Support Tools},
	Date-Added = {2015-04-10 07:26:57 +0000},
	Date-Modified = {2015-07-31 11:38:03 +0000},
	Doi = {10.1109/HUST.2014.8},
	Isbn = {978-1-4799-7023-0},
	Location = {New Orleans, Louisiana},
	Numpages = {11},
	Pages = {41--51},
	Publisher = {IEEE Press},
	Series = {HUST '14},
	Title = {{Modern Scientific Software Management Using EasyBuild and Lmod}},
	Url = {http://dx.doi.org/10.1109/HUST.2014.8},
	Year = {2014},
	Bdsk-Url-1 = {http://dx.doi.org/10.1109/HUST.2014.8}}

@inproceedings{hoste+:pyhpc12,
	Author = {Hoste, Kenneth and Timmerman, Jens and Georges, Andy and De Weirdt, Stijn},
	Booktitle = {High Performance Computing, Networking, Storage and Analysis, Proceedings},
	Date-Added = {2015-04-09 17:06:46 +0000},
	Date-Modified = {2015-07-31 11:38:51 +0000},
	Keyword = {Python,automation,build procedure,installation,scientific software,compilation},
	Language = {eng},
	Location = {Salt Lake City, UT, USA},
	Pages = {572--582},
	Publisher = {IEEE},
	Title = {{EasyBuild: Building Software with Ease}},
	Url = {http://dx.doi.org/10.1109/SC.Companion.2012.81},
	Year = {2012},
	Bdsk-Url-1 = {http://dx.doi.org/10.1109/SC.Companion.2012.81}}

@comment{BibDesk Static Groups{
<?xml version="1.0" encoding="UTF-8"?>
<!DOCTYPE plist PUBLIC "-//Apple//DTD PLIST 1.0//EN" "http://www.apple.com/DTDs/PropertyList-1.0.dtd">
<plist version="1.0">
<array>
	<dict>
		<key>group name</key>
		<string>Parallel Clustering</string>
		<key>keys</key>
		<string></string>
	</dict>
	<dict>
		<key>group name</key>
		<string>phier</string>
		<key>keys</key>
		<string></string>
	</dict>
	<dict>
		<key>group name</key>
		<string>pkmeans</string>
		<key>keys</key>
		<string></string>
	</dict>
	<dict>
		<key>group name</key>
		<string>pkmedoids</string>
		<key>keys</key>
		<string></string>
	</dict>
	<dict>
		<key>group name</key>
		<string>psubspace</string>
		<key>keys</key>
		<string></string>
	</dict>
</array>
</plist>
}}
